% Encoding: UTF-8

@InProceedings{CSCW2016_Dasgupta,
  author    = {Sayamindu Dasgupta and William Hale and Andr\'{e}s Monroy-Hern√°ndez and Benjamin Mako Hill},
  booktitle = {Proceedings of the Conference on Computer-Supported Cooperative Work \& Social Computing (CSCW'16)},
  title     = {Remixing as a Pathway to Computational Thinking},
  year      = {2016},
  pages     = {1438{-}1449},
  owner     = {akinori-i},
  timestamp = {2021.01.07},
}

@Article{vision2004_lowe,
  author  = {David G. Lowe},
  journal = {Journal of Computer Vision},
  title   = {Distinctive Image Featuresfrom Scale-Invariant Keypoints},
  year    = {2004},
  pages   = {91-110},
  volume  = {60},
}

@Comment{jabref-meta: databaseType:bibtex;}
